@misc{lldb,
	title = {{The LLDB Debugger}},
	note = {at: \url{https://lldb.llvm.org}},
	author = {LLVM},
	year = {2020}
	}

@misc{bagovi_smalkov,
	title = {{Debagovanje}},
	note = { at: \url{http://poincare.matf.bg.ac.rs/~smalkov/files/rs.r290.2019/public/Predavanja/Razvoj softvera.08.2019 - Debagovanje.p4.pdf}},
	author = {Sa≈°a Malkov},
	year = {2019}
}

@book{book,
	title = {{Advanced Apple Debugging \&{} Reverse Engineering, 2nd edition}},
	pages = "243",
	author = {Derek Selander},
	year = {2017}
}






