@misc{gdb,
title = {{GDB: The GNU Project Debugger}},
note = {on-line at: \url{https://www.gnu.org/software/gdb/}},
    author = {Free Software Foundation},
    year = {2020}
}


@misc{lldb_python_ref,
title = {{Python Reference}},
note = {on-line at: \url{https://lldb.llvm.org/use/python-reference.html}},
    author = {The LLDB Team},
    year = {2020}
}

@misc{lldb_python,
title = {{Python Scripting}},
note = {on-line at: \url{https://lldb.llvm.org/use/python.html}},
    author = {The LLDB Team},
    year = {2020}
}

@misc{lldb_tutorial,
title = {{Tutorial}},
note = {on-line at: \url{https://lldb.llvm.org/use/tutorial.html}},
    author = {The LLDB Team},
    year = {2020}
}

@misc{swift_lldb_repl,
title = {{REPL and Debugger}},
note = {on-line at: \url{https://swift.org/lldb/#why-combine-the-repl-and-debugger}},
    author = {Apple Inc.},
    year = {2020}
}

@misc{apple_lldb_comms,
title = {{Understanding LLDB Command Syntax}},
note = {on-line at: \url{https://developer.apple.com/library/archive/documentation/General/Conceptual/lldb-guide/chapters/C2-Understanding-LLDB-Command-Syntax.html}},
    author = {Apple Inc.},
    year = {2020}
}

@misc{lldb,
	title = {{The LLDB Debugger}},
	note = {on-line at: \url{https://lldb.llvm.org}},
	author = {LLVM},
	year = {2020}
}

@misc{lldb_project_blog,
	title = {{The LLDB Debugger}},
	note = {on-line at: \url{http://blog.llvm.org/2010/06/new-lldb-debugger.html}},
	author = {LLVM},
	year = {2020}
}

@misc{lldb_to_gdb_map,
	title = {{GDB to LLDB command map}},
	note = {on-line at: \url{https://lldb.llvm.org/use/map.html}},
	author = {LLVM},
	year = {2020}
}

@misc{vsd,
	title = {{Visual Studio Debugger Suport}},
	note = { \url{https://docs.microsoft.com/en-us/visualstudio/debugger/debugger-feature-tour?view=vs-2019}},
	author = {Microsoft},
	year = {2019}
}

@misc{vsc_support,
	title = {{Debug C++ in Visual Studio Code}},
	note = { \url{https://code.visualstudio.com/docs/cpp/cpp-debug}},
	author = {Microsoft},
	year = {2020}
}
